<?xml version="1.0" encoding="UTF-8"?><collection xmlns="http://www.loc.gov/MARC21/slim"><record><leader>00510nam--2200169-i-4500</leader><controlfield tag="001">000017339</controlfield><controlfield tag="002">20161230</controlfield><controlfield tag="005">20161230201032</controlfield><controlfield tag="008">060222s1000------------r-----000-0-eng-d</controlfield><datafield ind1=" " ind2=" " tag="020"><subfield code="a">3-322-00</subfield></datafield><datafield ind1=" " ind2=" " tag="080"><subfield code="a">544.431.11</subfield></datafield><datafield ind1=" " ind2=" " tag="100"><subfield code="a">Cartianu, Serban Dan</subfield></datafield><datafield ind1=" " ind2=" " tag="245"><subfield code="a">Synchronization phenomena in reaction- diffusion systems</subfield></datafield><datafield ind1=" " ind2=" " tag="260"><subfield code="a">Leipzig, Teubner Vrelagsgesellschaft, 1997. 283 P</subfield></datafield><datafield ind1=" " ind2=" " tag="490"><subfield code="a">Teubner-texte Zur Physik</subfield></datafield><datafield ind1=" " ind2=" " tag="653"><subfield code="a">Reaction-diffusion Systems, Synchronization Phenomena</subfield></datafield><datafield ind1=" " ind2=" " tag="852"><subfield code="a">80865</subfield></datafield></record></collection>